
@book{witten2011_data_mining_book,
  author = {Witten, Ian H. and Frank, Eibe and Hall, Mark A.},
  title = {Data Mining: Practical Machine Learning Tools and Techniques},
  year = {2011},
  isbn = {0123748569, 9780123748560},
  edition = {3rd},
  publisher = {Morgan Kaufmann Publishers Inc.},
  address = {San Francisco, CA, USA},
}
@inproceedings{madria_1999_Springer,
	title={Research issues in web data mining},
	author={Madria, Sanjay Kumar and Bhowmick, Sourav S and Ng, Wee Keong and Lim, Ee-Peng},
	year={1999},
	organization={Springer}
}
@article{kosala_2000_Survey,
	title={Web mining research: A survey},
	author={Kosala, Raymond and Blockeel, Hendrik},
	journal={ACM Sigkdd Explorations Newsletter},
	volume={2},
	number={1},
	pages={1--15},
	year={2000},
	publisher={ACM}
}

@article{etzioni_1996_Communication_ACM,
	title={The World-Wide Web: quagmire or gold mine?},
	author={Etzioni, Oren},
	journal={Communications of the ACM},
	volume={39},
	number={11},
	pages={65--68},
	year={1996},
	publisher={ACM}
}
@book{manning_2008_intro_to_IR,
	title={Introduction to information retrieval},
	author={Manning, Christopher D and Raghavan, Prabhakar and Sch{\"u}tze, Hinrich and others},
	volume={1},
	year={2008},
	publisher={Cambridge university press Cambridge}
}
@inproceedings{Wang_2011_SIGIR,
	author = {Wang, Dayong and Hoi, Steven C.H. and He, Ying},
	title = {Mining Weakly Labeled Web Facial Images for Search-based Face Annotation},
	booktitle = {Proceedings of the 34th International ACM SIGIR Conference on Research and Development in Information Retrieval},
	series = {SIGIR '11},
	year = {2011},
	isbn = {978-1-4503-0757-4},
	location = {Beijing, China},
	pages = {535--544},
	numpages = {10},
	url = {http://doi.acm.org/10.1145/2009916.2009989},
	doi = {10.1145/2009916.2009989},
	acmid = {2009989},
	publisher = {ACM},
	address = {New York, NY, USA},
	keywords = {auto face annotation, unsupervised learning, web facial images},
} 

@inproceedings{Wu_2011_WSDM,
	author = {Wu, Pengcheng and Hoi, Steven Chu-Hong and Zhao, Peilin and He, Ying},
	title = {Mining Social Images with Distance Metric Learning for Automated Image Tagging},
	booktitle = {Proceedings of the Fourth ACM International Conference on Web Search and Data Mining},
	series = {WSDM '11},
	year = {2011},
	isbn = {978-1-4503-0493-1},
	location = {Hong Kong, China},
	pages = {197--206},
	numpages = {10},
	url = {http://doi.acm.org/10.1145/1935826.1935865},
	doi = {10.1145/1935826.1935865},
	acmid = {1935865},
	publisher = {ACM},
	address = {New York, NY, USA},
	keywords = {automated image tagging, distance metric learning, inductive learning, social images, transductive learning},
}
@article{Kleinberg_1999_JACM,
	author = {Kleinberg, Jon M.},
	title = {Authoritative Sources in a Hyperlinked Environment},
	journal = {J. ACM},
	issue_date = {Sept. 1999},
	volume = {46},
	number = {5},
	month = sep,
	year = {1999},
	issn = {0004-5411},
	pages = {604--632},
	numpages = {29},
	url = {http://doi.acm.org/10.1145/324133.324140},
	doi = {10.1145/324133.324140},
	acmid = {324140},
	publisher = {ACM},
	address = {New York, NY, USA},
	keywords = {World Wide Web, graph algorithms, hypertext structure, link analysis},
} 

@inproceedings{Brin_1998_PageRank,
	booktitle = {Seventh International World-Wide Web Conference (WWW 1998)},
	title = {The Anatomy of a Large-Scale Hypertextual Web Search Engine},
	author = {S. Brin and L. Page},
	year = {1998},
	url = {http://ilpubs.stanford.edu:8090/361/}
}

@article{chakrabarti_1999_Computer,
	title={Mining the Web's link structure},
	author={Chakrabarti, Soumen and Dom, Byron E and Kumar, S Ravi and Raghavan, Prabhakar and Rajagopalan, Sridhar and Tomkins, Andrew and Gibson, David and Kleinberg, Jon},
	journal={Computer},
	volume={32},
	number={8},
	pages={60--67},
	year={1999},
	publisher={IEEE}
}
